<record><leader>00000cas a2200000 a 4500</leader><controlfield tag="001">11265735</controlfield><controlfield tag="008">841015d18971928ksuwr ne      0   a0eng d</controlfield><datafield ind1=" " ind2=" " tag="010"><subfield code="a">sn 84029897 </subfield></datafield><datafield ind1=" " ind2=" " tag="040"><subfield code="a">KSH</subfield><subfield code="b">eng</subfield><subfield code="c">KSH</subfield><subfield code="d">NPT</subfield><subfield code="d">OCL</subfield><subfield code="d">OCLCQ</subfield></datafield><datafield ind1=" " ind2=" " tag="042"><subfield code="a">msc</subfield></datafield><datafield ind1="0" ind2=" " tag="130"><subfield code="a">Pomona republican (Pomona, Kan. : 1897)</subfield></datafield><datafield ind1="1" ind2="4" tag="245"><subfield code="a">The Pomona republican.</subfield></datafield><datafield ind1="3" ind2="0" tag="246"><subfield code="a">Pomona weekly republican</subfield></datafield><datafield ind1=" " ind2=" " tag="260"><subfield code="a">Pomona, Kan. :</subfield><subfield code="b">A.S. Benton,</subfield><subfield code="c">1897-</subfield></datafield><datafield ind1=" " ind2=" " tag="300"><subfield code="a">v. :</subfield><subfield code="b">ill. ;</subfield><subfield code="c">40-59 cm.</subfield></datafield><datafield ind1=" " ind2=" " tag="310"><subfield code="a">Weekly</subfield></datafield><datafield ind1="0" ind2=" " tag="362"><subfield code="a">Vol. 1, no. 1 (Dec. 23, 1897)-</subfield></datafield><datafield ind1="1" ind2=" " tag="362"><subfield code="a">Ceased with Nov. 1, 1928 issue?</subfield></datafield><datafield ind1=" " ind2=" " tag="500"><subfield code="a">Sometimes published as: Pomona weekly republican.</subfield></datafield><datafield ind1=" " ind2=" " tag="500"><subfield code="a">Published by G.R. O'Brien, Jan. 4, 1900-</subfield></datafield><datafield ind1=" " ind2=" " tag="752"><subfield code="a">United States</subfield><subfield code="b">Kansas</subfield><subfield code="c">Franklin</subfield><subfield code="d">Pomona.</subfield></datafield><datafield ind1="0" ind2="4" tag="785"><subfield code="t">Williamsburg enterprise</subfield><subfield code="w">(DLC)sn 84029910</subfield></datafield></record>